 @article{Horvath2021DLV,
  title={Deep learning volatility: a deep neural network perspective on pricing and calibration in (rough) volatility models},
  author={Horvath, Blanka and Muguruza, Aitor and Tomas, Mehdi},
  journal={Quantitative Finance},
  volume={21}, number={1}, pages={11--27}, year={2021},
  doi={10.1080/14697688.2020.1817974}
 }
 @misc{Baschetti2024DeepCalibrationRandomGrids,
  title={Deep calibration with random grids},
  author={Baschetti, Fabio and Bormetti, Giacomo and Rossi, Pietro},
  year={2024}, note={arXiv preprint}, url={https://arxiv.org/abs/2306.11061}
 }
 @mastersthesis{Bertolo2024RoughHestonSchemes,
  title={Two simulation schemes for the rough Heston model: a comparison},
  author={Bertolo, Marco}, school={University of Padova}, year={2024}
 }
 @misc{DLVProjectNote,
  title={Deep Learning Volatility: Project Description},
  author={Project Authors},
  year={2025}, note={Internal document}
 }
